<collection xmlns="http://www.loc.gov/MARC21/slim">
<record>
  <leader>00964ncm0a22002411i 450 </leader>
  <controlfield tag="001">IT\ICCU\CNCE\046439</controlfield>
  <controlfield tag="005">19990119000000.0</controlfield>
  <datafield tag="100" ind1=" " ind2=" ">
    <subfield code="a">19990119d1568        0itac0103    ba</subfield>
  </datafield>
  <datafield tag="101" ind1=" " ind2=" ">
    <subfield code="a">LAT</subfield>
  </datafield>
  <datafield tag="102" ind1=" " ind2=" ">
    <subfield code="a">IT</subfield>
  </datafield>
  <datafield tag="200" ind1="1" ind2=" ">
    <subfield code="a">Magnificat qum quatuor vocibus</subfield>
  </datafield>
  <datafield tag="210" ind1=" " ind2=" ">
    <subfield code="a">Venezia</subfield>
    <subfield code="c">Claudio Merulo</subfield>
    <subfield code="d">1568</subfield>
  </datafield>
  <datafield tag="300" ind1=" " ind2=" ">
    <subfield code="a">RISM: 6, M 3599</subfield>
  </datafield>
  <datafield tag="620" ind1=" " ind2=" ">
    <subfield code="a">IT</subfield>
    <subfield code="d">Venezia</subfield>
  </datafield>
  <datafield tag="700" ind1=" " ind2="1">
    <subfield code="a">Morales,</subfield>
    <subfield code="b">Cristobal : de</subfield>
    <subfield code="3">IT\ICCU\CNCA\011662</subfield>
  </datafield>
  <datafield tag="712" ind1="0" ind2="0">
    <subfield code="a">Merulo, Claudio</subfield>
    <subfield code="3">IT\ICCU\CNCT\003240</subfield>
    <subfield code="4">650</subfield>
  </datafield>
  <datafield tag="790" ind1=" " ind2="1">
    <subfield code="a">Morales,</subfield>
    <subfield code="b">Cristobal</subfield>
    <subfield code="3">IT\ICCU\CNCA\021444</subfield>
    <subfield code="z">Morales, Cristobal : de</subfield>
  </datafield>
  <datafield tag="790" ind1=" " ind2="1">
    <subfield code="a">Morales,</subfield>
    <subfield code="b">Christoval : de</subfield>
    <subfield code="3">IT\ICCU\CNCA\021446</subfield>
    <subfield code="z">Morales, Cristobal : de</subfield>
  </datafield>
  <datafield tag="790" ind1=" " ind2="1">
    <subfield code="a">Morales,</subfield>
    <subfield code="b">Cristoforo</subfield>
    <subfield code="3">IT\ICCU\CNCA\021447</subfield>
    <subfield code="z">Morales, Cristobal : de</subfield>
  </datafield>
  <datafield tag="791" ind1="0" ind2="2">
    <subfield code="a">Claudio da Coreggio</subfield>
    <subfield code="3">IT\ICCU\CNCT\003589</subfield>
    <subfield code="z">Merulo, Claudio</subfield>
  </datafield>
  <datafield tag="791" ind1="0" ind2="0">
    <subfield code="a">Correggio, Claudio da</subfield>
    <subfield code="3">IT\ICCU\CNCT\003590</subfield>
    <subfield code="z">Merulo, Claudio</subfield>
  </datafield>
  <datafield tag="791" ind1="0" ind2="0">
    <subfield code="a">Corregias, Claudius</subfield>
    <subfield code="3">IT\ICCU\CNCT\005190</subfield>
    <subfield code="z">Merulo, Claudio</subfield>
  </datafield>
  <datafield tag="801" ind1=" " ind2="3">
    <subfield code="a">IT</subfield>
    <subfield code="b">ICCU</subfield>
    <subfield code="c">20201115</subfield>
  </datafield>
</record>
</collection>
